@article{tyanova2016maxquant,
  title={The MaxQuant computational platform for mass spectrometry-based shotgun proteomics},
  author={Tyanova, Stefka and Temu, Tikira and Cox, Juergen},
  journal={Nature protocols},
  volume={11},
  number={12},
  pages={2301},
  year={2016},
  publisher={Nature Publishing Group}
}

@article{distler2013drift,
  title={Drift time-specific collision energies enable deep-coverage data-independent acquisition proteomics},
  author={Distler, Ute and Kuharev, J{\"o}rg and Navarro, Pedro and Levin, Yishai and Schild, Hansj{\"o}rg and Tenzer, Stefan},
  journal={Nature methods},
  volume={11},
  number={2},
  pages={167},
  year={2013},
  publisher={Nature Publishing Group}
}

@article{kuharev2015depth,
  title={In-depth evaluation of software tools for data-independent acquisition based label-free quantification},
  author={Kuharev, J{\"o}rg and Navarro, Pedro and Distler, Ute and Jahn, Olaf and Tenzer, Stefan},
  journal={Proteomics},
  volume={15},
  number={18},
  pages={3140--3151},
  year={2015},
  publisher={Wiley Online Library}
}